% Encoding: UTF-8

@Book{bookonline,
  title         = {Deep Learning Book},
  publisher     = {DSA},
  year          = {2019},
  author        = "{Data Science Academy}",
  address       = {},
  edition       = {},
  note          = {},
  subtitle      = {},
  url           = {Available at \url{http://www.deeplearningbook.com.br/} }
},
  urlaccessdate = {10 nov. 2020},
}

@Book{balanis,
  title     = {Antenna Theory: Analysis and Design},
  publisher = {John Wiley \& Sons, Inc.},
  year      = {2005},
  author    = {C. A. Balanis},
  address   = {Arizona},
  edition   = {3},
  subtitle  = {subtítulo (se houver)},
}

@MastersThesis{silva16,
  author        = "{P. F. Silva Júnior}",
  title         = {Projeto de Antenas Bioinspiradas em Plantas para Sistemas de Comunicação Sem Fio},
  school        = {IFPB},
  year          = {2016},
  address       = {João Pessoa, PB},
  note          = {},
  subtitle      = {},
  url           = {},
  urlaccessdate = {},
}

@PhdThesis{sam09,
  author        = {O Saglam},
  title         = {Design, Fabrication and Measurement of Hybrid Frequency Selective Surface (FSS) Radomes},
  school        = {Bilkent University},
  year          = {2009},
  address       = {Ancara, Turquia},
  note          = {},
  subtitle      = {},
  url           = {},
  urlaccessdate = {},
}

@Article{hertz13,
  author        = {H. W. C. Lins and E. L. F. Barreto and A. G. D'Assunção},
  title         = {Enhanced Wideband Performance of Coupled Frequency Selective Surfaces Using Metaheuristics},
  journal       = {Microwave and Optical Technology Letters},
  year          = {2013},
  volume        = {55},
  number        = {4},
  pages         = {711–715},
  address       = {},
  doi           = {},
  subtitle      = {},
  url           = {},
  urlaccessdate = {},
}


@misc{abnt,
author = {},
title = {},
howpublished = {Available at \url{https://www.abntcatalogo.com.br/} }
}



@Comment{jabref-meta: databaseType:bibtex;}
